@online{Shahzad,
      author = "Mohsin Shahzad",
      title = "Difference between Computer Organization \& Computer Architecture?",
      month = "April",
      year = "2011",
      url = "http://networker2012.blogspot.com/2012/04/3.html"
}
@Book{Clements,
 author    = "Alan Clements",
 title     = "Computer Organization and Architecture",
 publisher = "Global Engineering: Christopher M. Shortt",
 year      =  2014,
 edition   = "Themes and Variations"
}